@book{ plato1995,
	editor = {E. A. Duke and others},
	title = {Platonis Opera},
	publisher = {Oxford University Press},
	year = 1995,
	address = {Oxford}
}

@book{ mahoney2001,
    author = {Anne Mahoney},
    title = {Allen and {G}reenough's {N}ew {L}atin {G}rammar},
    publisher = {Focus Publishing},
    year = 2001,
    address = {Newburyport, MA}
}

@book{ old1982,
    editor = {P. W. Glare and others},
    title = {Oxford {L}atin {D}ictionary},
    publisher = {Oxford University Press},
    year = 1982,
    address = {Oxford}
}

@incollection{ williams1983,
	author = {Bernard Williams},
	title = {Descartes' {U}se of {S}cepticism},
	booktitle = {The {S}ense of the {P}ast: {E}ssays in the {H}istory of {P}hilosophy},
	pages = {231--246},
	crossref = {williams2006}
}

@book{ williams2006,
	author = {Bernard Williams},
	title = {The {S}ense of the {P}ast: {E}ssays in the {H}istory of {P}hilosophy},
	publisher = {Princeton University Press},
	year = 2006,
	address = {Princeton, NJ}
}
